@article{modularity,
  author = {Arnaud Sallaberry and Chris Muelder and Kwan-Liu Ma},
  title = {Clustering, visualizing, and navigating for large dynamic graphs},
  howpublished = {20th International Symposium on Graph Drawing},
  month = {September},
  year = {2012}
}

@article{CPM,
  author = "Imre Derényi and Gergely Palla and Tamás Vicsek",
  title = "Clique percolation in random networks",
  month = "April",
  year = "2005"
}

@article{timestep,
  author = "Derek Greene and Dónal Doyle and Pádraig Cunningham",
  title = "Tracking the evolution of communities in dynamic social networks",
  howpublished = "2010 International Conference on Advances in Social Network Analysis and Mining",
  month = "August",
  year = "2010"
}

@article{CPM_time,
  author = "Gergely Palla and Albert-László Barabási and Tamás Vicsek",
  title = "Quantifying social group evolution",
}

@book{graphcontrol,
  title = "Graph Theoretic Methods in Multiagent Networks",
  author = "Mehran Mesbahi and Magnus Egerstedt",
  edition = "first",
  year = "2010",
  publisher = "Princeton University Press"
}

@article{schaeffer,
  author = "Satu Elisa Schaeffer",
  title = "Graph Clustering",
  publisher = "Elsevier",
  month = "May",
  year = "2007"
}

@article{minimum_cut_tree,
  author = "R.E. Gomery and T.C. Hu",
  title = "Multi-Terminal network flows",
  journal = "SIAM Journal 9",
  year = "1961"
}

@article{flake,
  author = "Gary William Flake and Robert E. Tarjan and Kostas Tsioutsiouliklis",
  title = "Graph Clustering and Minimum Cut Trees",
  month = "April",
  year = "2004"
}

@article{modularity_nphard,
  author = "Ulrik Brandes and Daniel Delling and Marco Gaertler and Robert Görke and Martin Hoefer and Zoran Nikoloski and Dorothea Wagner",
  title = "Maximizing Modularity is hard",
  month = "August",
  year = "2006"
}

@article{modularity_heuristic,
  author = "Vincent D. Blondel and Jean-Loup Guillaume and Renaud Lambiotte and Etienne Lefebvre",
  title = "Fast unfolding of communities in large networks",
  month = "Juli",
  year = "2008"
}

@article{evolutionary_clustering,
  author = "Deepayan Chakrabarti and Ravi Kumar and Andrew Tomkins",
  title = "Evolutionary Clustering",
  howpublished = "KDD '06 Proceedings of the 12th ACM SIGKDD international conference on Knowledge discovery and data mining",
  year = "2006"
}




@manual{kitware2003,
  title = {The Visualization Toolkit User's Guide},
  organization = {Kitware, Inc.},
  year = {2003},
  month = {January}
}

@misc{notes2002,
  author = {Georges Grinstein and Daniel Keim and Matthew Ward},
  title = {Information Visualization, Visual Data Mining, and Its Application to Drug Design},
  howpublished = {IEEE Visualization 2002 Course \#1 Notes},
  month = {October},
  year = {2002}
}

@article{Max:1995:OMF,
  author = "Nelson Max",
  title = "Optical models for direct volume rendering",
  year = "1995",
  month = jun,
  journal = "IEEE Transactions on Visualization and Computer
    Graphics",
  volume = "1",
  number = "2",
  pages = "99--108",
}

@book{ware:2004:IVP,
  author = "Colin Ware",
  title = "Information Visualization: Perception for Design",
  edition = "second",
  year = 2004,
  publisher = "Morgan Kaufmann Publishers",
}

@mastersthesis{kindlmann:1999:SAG,
  author = "Gordon Kindlmann",
  title = "Semi-Automatic Generation of Transfer Functions for Direct Volume Rendering",
  school = "Cornell University",
  year = 1999,
}

@phdthesis{levoy:1989:DSV,
  author = "Marc Levoy",
  title = "Display of Surfaces from Volume Data",
  school = "University of North Carolina at Chapel Hill",
  year = 1989,
}

@inproceedings{Lorensen:1987:MCA,
  author = "William E. Lorensen and Harvey E. Cline",
  title = "Marching Cubes: A High Resolution 3D Surface Construction Algorithm",
  year = "1987",
  month = jul,
  booktitle = "Computer Graphics (Proceedings of SIGGRAPH 87)",
  volume = 21,
  pages = "163--169",
}
